<record><leader>00000cas a22000007a 4500</leader><controlfield tag="001">16107330</controlfield><controlfield tag="008">870630d18881914iauwr ne      0    0eng d</controlfield><datafield ind1=" " ind2=" " tag="010"><subfield code="a">sn 87058418 </subfield></datafield><datafield ind1=" " ind2=" " tag="040"><subfield code="a">INP</subfield><subfield code="b">eng</subfield><subfield code="c">INP</subfield><subfield code="d">OCLCQ</subfield></datafield><datafield ind1=" " ind2=" " tag="042"><subfield code="a">msc</subfield></datafield><datafield ind1="0" ind2="0" tag="245"><subfield code="a">Butler County tribune.</subfield></datafield><datafield ind1=" " ind2=" " tag="260"><subfield code="a">Allison, Iowa :</subfield><subfield code="b">Wright &amp; Duer,</subfield><subfield code="c">-1914.</subfield></datafield><datafield ind1=" " ind2=" " tag="300"><subfield code="a">v.</subfield></datafield><datafield ind1=" " ind2=" " tag="310"><subfield code="a">Weekly</subfield></datafield><datafield ind1="1" ind2=" " tag="362"><subfield code="a">Began in 1888.</subfield></datafield><datafield ind1="0" ind2=" " tag="362"><subfield code="a">-v. 32, no. 23 (Jan. 29, 1914).</subfield></datafield><datafield ind1=" " ind2=" " tag="500"><subfield code="a">Publisher varies.</subfield></datafield><datafield ind1=" " ind2=" " tag="588"><subfield code="a">Description based on: Vol. 8, no. 34 (Feb. 13, 1889).</subfield></datafield><datafield ind1=" " ind2=" " tag="752"><subfield code="a">United States</subfield><subfield code="b">Iowa</subfield><subfield code="c">Butler</subfield><subfield code="d">Allison.</subfield></datafield><datafield ind1="0" ind2="0" tag="780"><subfield code="t">Allison Butler County tribune</subfield><subfield code="w">(DLC)sn 87058417</subfield></datafield><datafield ind1="0" ind2="0" tag="785"><subfield code="t">Allison tribune (Allison, Iowa : 1914)</subfield><subfield code="w">(DLC)sn 87058419</subfield></datafield></record>